@ARTICLE{1,
  author={Le, Van-Hung},
  journal={Multimedia Tools and Applications}, 
  title={Deep learning-based for human segmentation and tracking, 3D human pose estimation and action recognition on monocular video of MADS dataset}, 
  year={2023},
  volume={82},
  number={},
  pages={20771–20818},
  keywords={MADS dataset;Deep learning;Convolutional neural network;Human segmentation and tracking;3D human pose estimation;Human action recognition},
  doi={10.1007/s11042-022-13921-w}
}
@INPROCEEDINGS{2,
  author={Luong-Huu, Dang-Khoa and Ngo, Tan-An and Thai, Huy-Tan and Le, Kim-Hung},
  booktitle={2022 RIVF International Conference on Computing and Communication Technologies (RIVF)}, 
  title={A Real-time Border Surveillance System using Deep Learning and Edge Computing}, 
  year={2022},
  volume={},
  number={},
  pages={1-6},
  keywords={Deep learning;Cloud computing;Surveillance;Image edge detection;Computer architecture;Real-time systems;Safety;Border security;illegal activities;automated border surveillance system;SSD-MobileNet-v2;Raspberry Pi 4},
  doi={10.1109/RIVF55975.2022.10013810}
}
@INPROCEEDINGS{3,
  author={Abdalla, Ghanem Osman Elhaj and Veeramanikandasamy, T.},
  booktitle={2017 2nd IEEE International Conference on Recent Trends in Electronics, Information \& Communication Technology (RTEICT)}, 
  title={Implementation of spy robot for a surveillance system using Internet protocol of Raspberry Pi}, 
  year={2017},
  volume={},
  number={},
  pages={86-89},
  keywords={Cameras;Surveillance;Robot vision systems;Service robots;Border security;Raspbian OS;IoT;Spy Robot;Raspberry Pi;PIR sensor;Obstacle Detecting Sensor},
  doi={10.1109/RTEICT.2017.8256563}
}
@ARTICLE{4,
  author={Chen, Guanlin and Zhu, Pengfei and Cao, Bing and Wang, Xing and Hu, Qinghua},
  journal={IEEE Transactions on Circuits and Systems for Video Technology}, 
  title={Cross-Drone Transformer Network for Robust Single Object Tracking}, 
  year={2023},
  volume={33},
  number={9},
  pages={4552-4563},
  keywords={Drones;Target tracking;Object tracking;Transformers;Task analysis;Visualization;Cameras;Visual object tracking;multi-drone;vision transformer},
  doi={10.1109/TCSVT.2023.3281557}
}
@article{5,
author = {Wu, Yue and Cai, Chengtao and Yeo, Chai},
year = {2024},
month = {08},
pages = {},
title = {Propagating prior information with transformer for robust visual object tracking},
volume = {30},
journal = {Multimedia Systems},
doi = {10.1007/s00530-024-01423-8}
}
@INPROCEEDINGS{6,
  author={Wu, Hui and Zhang, Hui and Zhang, Jinfang and Xu, Fanjiang},
  booktitle={2015 IEEE International Conference on Image Processing (ICIP)}, 
  title={Fast aircraft detection in satellite images based on convolutional neural networks}, 
  year={2015},
  volume={},
  number={},
  pages={4210-4214},
  keywords={Aircraft;Proposals;Object detection;Feature extraction;Satellites;Aircraft manufacture;Military aircraft;Deep learning;aircraft detection;convolutional neural networks;BING;objectness},
  doi={10.1109/ICIP.2015.7351599}
}
@ARTICLE{7,
  author={Zhang, Fan and Du, Bo and Zhang, Liangpei and Xu, Miaozhong},
  journal={IEEE Transactions on Geoscience and Remote Sensing}, 
  title={Weakly Supervised Learning Based on Coupled Convolutional Neural Networks for Aircraft Detection}, 
  year={2016},
  volume={54},
  number={9},
  pages={5553-5563},
  keywords={Feature extraction;Aircraft;Supervised learning;Remote sensing;Training data;Military aircraft;Proposals;Aircraft detection;convolutional neural networks (CNNs);weakly supervised learning},
  doi={10.1109/TGRS.2016.2569141}
}

@INPROCEEDINGS{8,
  author={Pritt, Mark and Chern, Gary},
  booktitle={2017 IEEE Applied Imagery Pattern Recognition Workshop (AIPR)}, 
  title={Satellite Image Classification with Deep Learning}, 
  year={2017},
  volume={},
  number={},
  pages={1-7},
  keywords={Satellites;Machine learning;Metadata;Feature extraction;Classification algorithms;Detectors;Training;artificial intelligence;AI;deep learning;machine learning;image understanding;recognition;classification;satellite imagery},
  doi={10.1109/AIPR.2017.8457969}
}
@Article{9,
AUTHOR = {Alganci, Ugur and Soydas, Mehmet and Sertel, Elif},
TITLE = {Comparative Research on Deep Learning Approaches for Airplane Detection from Very High-Resolution Satellite Images},
JOURNAL = {Remote Sensing},
VOLUME = {12},
YEAR = {2020},
NUMBER = {3},
ARTICLE-NUMBER = {458},
URL = {https://www.mdpi.com/2072-4292/12/3/458},
ISSN = {2072-4292},
DOI = {10.3390/rs12030458}
}
@INPROCEEDINGS{10,
  author={Yang, Yingkun and Xie, Guorong and Qu, Yi},
  booktitle={2021 IEEE 5th Advanced Information Technology, Electronic and Automation Control Conference (IAEAC)}, 
  title={Real-time Detection of Aircraft Objects in Remote Sensing Images Based on Improved YOLOv4}, 
  year={2021},
  volume={},
  number={},
  pages={1156-1164},
  keywords={Training;Convolution;Object detection;Military aircraft;Real-time systems;Aircraft;Remote sensing;Remote sensing image;Aircraft object detection;YOLOv4;Depthwise Separable Convolution;ELU;SE module},
  doi={10.1109/IAEAC50856.2021.9390673}
}
@ARTICLE{11,
  author={Wang, Ting and Zeng, Xiaodong and Cao, Changqing and Li, Wei and Feng, Zhejun and Wu, Jin and Yan, Xu and Wu, Zengyan},
  journal={IEEE Journal of Selected Topics in Applied Earth Observations and Remote Sensing}, 
  title={CGC-NET: Aircraft Detection in Remote Sensing Images Based on Lightweight Convolutional Neural Network}, 
  year={2022},
  volume={15},
  number={},
  pages={2805-2815},
  keywords={Aircraft;Feature extraction;Object detection;Detection algorithms;Military aircraft;Classification algorithms;Support vector machines;Circle frequency filter (CFF);deep learning framework;few-shot learning;lightweight convolutional neural network (CNN);small samples},
  doi={10.1109/JSTARS.2022.3159981}
}
@INPROCEEDINGS{12,
  author={Nakkach, Cherifa and Zrelli, Amira and Ezzedine, Tahar},
  booktitle={2022 International Symposium on Networks, Computers and Communications (ISNCC)}, 
  title={Smart Border Surveillance System Based on Deep Learning Methods}, 
  year={2022},
  volume={},
  number={},
  pages={1-6},
  keywords={Deep learning;Computer vision;Smart cities;Surveillance;Terrorism;Object detection;Medical services;smart border monitoring;deep learning;Yolov3;Yolov4;Yolov5;SSD;Faster-RCNN},
  doi={10.1109/ISNCC55209.2022.9851713}
}
@article{13,
title = {Aircraft detection in satellite imagery using deep learning-based object detectors},
journal = {Microprocessors and Microsystems},
volume = {94},
pages = {104630},
year = {2022},
issn = {0141-9331},
doi = {https://doi.org/10.1016/j.micpro.2022.104630},
url = {https://www.sciencedirect.com/science/article/pii/S0141933122001673},
author = {Basim Azam and Muhammad Jaleed Khan and Farrukh Aziz Bhatti and Abdur Rahman M. Maud and Syed Fawad Hussain and Ali Javed Hashmi and Khurram Khurshid},
keywords = {Aircraft detection, RCNN, YOLO, Resnet}
}
@INPROCEEDINGS{14,
  author={Zhao, Tingjian and Qiao, Na},
  booktitle={2023 4th International Conference on Big Data \& Artificial Intelligence \& Software Engineering (ICBASE)}, 
  title={Research on Target Detection Technology of Aircraft Satellite Images Based on Improved YOLOv5 Model}, 
  year={2023},
  volume={},
  number={},
  pages={89-94},
  keywords={Location awareness;Training;Adaptation models;Atmospheric modeling;Urban planning;Military aircraft;Satellite images;Aircraft satellite images;Target detection;YOLOv5 model;Performance evaluation},
  doi={10.1109/ICBASE59196.2023.10303177}
}
@Article{15,
AUTHOR = {Adegun, Adekanmi Adeyinka and Fonou Dombeu, Jean Vincent and Viriri, Serestina and Odindi, John},
TITLE = {State-of-the-Art Deep Learning Methods for Objects Detection in Remote Sensing Satellite Images},
JOURNAL = {Sensors},
VOLUME = {23},
YEAR = {2023},
NUMBER = {13},
ARTICLE-NUMBER = {5849},
URL = {https://www.mdpi.com/1424-8220/23/13/5849},
PubMedID = {37447699},
ISSN = {1424-8220},
DOI = {10.3390/s23135849}
}
@INPROCEEDINGS{16,
  author={Noor, Emamun and Khan, Arafath and Islam, Ahnaf and Kamal, A H M and Tabassum, Nuzhat and Anannya, Tasmiah Tamzid and Mahfuzul Karim Majumder, Md and Islam, Muhammad Nazrul},
  booktitle={2023 26th International Conference on Computer and Information Technology (ICCIT)}, 
  title={Digital Border Surveillance System: Towards Illegal Migration and Trafficking Free Borders}, 
  year={2023},
  volume={},
  number={},
  pages={1-6},
  keywords={Surveillance;Tariffs;Real-time systems;Sensor systems;Sensors;Security;Usability;border;migration;surveillance;trafficking;Border Out Post (BOP);movement detection;YOLOv7},
  doi={10.1109/ICCIT60459.2023.10441013}
}

@article{17,
author = {Shah, Shrishti and Tembhurne, Jitendra},
year = {2023},
month = {11},
pages = {},
title = {Object detection using convolutional neural networks and transformer-based models: a review},
volume = {10},
journal = {Journal of Electrical Systems and Information Technology},
doi = {10.1186/s43067-023-00123-z}
}
@ARTICLE{18,
  author={Jiang, Wenlong and Han, Dezhi and Han, Bing and Wu, Zhongdai},
  journal={IEEE Access}, 
  title={YOLOv8-FDF: A Small Target Detection Algorithm in Complex Scenes}, 
  year={2024},
  volume={12},
  number={},
  pages={119223-119237},
  keywords={Feature extraction;Marine vehicles;Accuracy;Synthetic aperture radar;Adaptation models;YOLO;Detectors;Deep learning;Object detection;Small targets;YOLOv8;deep learning;SAR target detection;complex environment},
  doi={10.1109/ACCESS.2024.3448619}
}
@ARTICLE{19,
  author={Chen, Xiaoxin and Jiang, Hui and Zheng, Hongxin and Yang, Jiankun and Liang, Riqiang and Xiang, Dan and Cheng, Hao and Jiang, Zhansi},
  journal={IEEE Journal of Selected Topics in Applied Earth Observations and Remote Sensing}, 
  title={DET-YOLO: An Innovative High-Performance Model for Detecting Military Aircraft in Remote Sensing Images}, 
  year={2024},
  volume={17},
  number={},
  pages={17753-17771},
  keywords={Atmospheric modeling;Feature extraction;Military aircraft;Accuracy;Real-time systems;Computational modeling;Convolution;Attention mechanism;deep learning;deformable convolution (DCN);loss function;remote sensing images (RSIs);you only look once (YOLO)},
  doi={10.1109/JSTARS.2024.3462745}
}
@INPROCEEDINGS{20,
  author={Kumar, Aman and Singh, Soumyendra and Mohan G, Bharathi},
  booktitle={2024 11th International Conference on Reliability, Infocom Technologies and Optimization (Trends and Future Directions) (ICRITO)}, 
  title={AIR-SCAN: Aircraft Identification and Recognition using Deep Learning Scanning}, 
  year={2024},
  volume={},
  number={},
  pages={1-6},
  keywords={Computer vision;Shape;Atmospheric modeling;Scalability;Computational modeling;Transfer learning;Military aircraft;Object Detection;Faster R-CNN;YOLOv8;Military Aircraft Detection;Anchor-free Detection;CSPDarknet53 Backbone;Comparative Analysis;Computer Vision;National Security;Automated Detection},
  doi={10.1109/ICRITO61523.2024.10522248}
}
@article{21,
author = {Hameed, Marwa and Khalaf, Zainab},
year = {2025},
month = {02},
pages = {216-236},
title = {A Comprehensive Review for Aircraft Detection Techniques Utilizing Deep Learning},
volume = {21},
journal = {Iraqi Journal for Electrical and Electronic Engineering},
doi = {10.37917/ijeee.21.2.21}
}
@INPROCEEDINGS{22,
  author={Borthakur, Shankhanil and Kumar, Gaurav and Rajput, Anshoo and Sarvaiya, Jignesh N.},
  booktitle={2023 IEEE 20th India Council International Conference (INDICON)}, 
  title={Object Detection for Military Surveillance using YOLO Framework}, 
  year={2023},
  volume={},
  number={},
  pages={126-131},
  keywords={YOLO;Surveillance;Military aircraft;Feature extraction;Object recognition;Convolutional neural networks;Drones;Object detection;Deep learning;Convolutional neural networks (CNN);Military surveillance;YOLO;SAHI},
  doi={10.1109/INDICON59947.2023.10440938}
}
@INPROCEEDINGS{23,
  author={Gritsenko, Alexey A. and Xiong, Xuehan and Djolonga, Josip and Dehghani, Mostafa and Sun, Chen and Lučić, Mario and Schmid, Cordelia and Arnab, Anurag},
  booktitle={2024 IEEE/CVF Conference on Computer Vision and Pattern Recognition (CVPR)}, 
  title={End-to-End Spatio-Temporal Action Localisation with Video Transformers}, 
  year={2024},
  volume={},
  number={},
  pages={18373-18383},
  keywords={Computer vision;Annotations;Benchmark testing;Transformers;Pattern recognition;Proposals;spatio-temporal action localisation;video},
  doi={10.1109/CVPR52733.2024.01739}
}
@unknown{24,
author = {Abdullah, Muhammad},
year = {2024},
month = {05},
pages = {},
title = {Violence Detection using Vision Transformer and Explainable AI},
doi = {10.13140/RG.2.2.23650.54722}
}
@INPROCEEDINGS{25,
  author={Cani, Jorgen and Mademlis, Ioannis and Rebolledo Chrysochoou, Adamantia Anna and Papadopoulos, Georgios Th.},
  booktitle={2024 5th International Conference in Electronic Engineering, Information Technology \& Education (EEITE)}, 
  title={Illicit object detection in X-ray images using Vision Transformers}, 
  year={2024},
  volume={},
  number={},
  pages={1-6},
  keywords={Computer vision;Accuracy;Object detection;Detectors;Transformers;Airports;Real-time systems;Object Detection;X-rays;Vision Transformers;Deep Neural Networks},
  doi={10.1109/EEITE61750.2024.10654433}
}
@unknown{26,
author = {AlShami, Ali and Rabinowitz, Ryan and Lam, Khang and Shleibik, Yousra and Mersha, Melkamu and Boult, Terrance and Kalita, Jugal},
year = {2025},
month = {01},
pages = {},
title = {SMART-Vision: Survey of Modern Action Recognition Techniques in Vision},
doi = {10.48550/arXiv.2501.13066}
}
@INPROCEEDINGS{27,
  author={Yasar Z., Ahamed and Kumar R., Dinesh and Aadarsh, S. and Kumar G., Hari},
  booktitle={2020 6th International Conference on Advanced Computing and Communication Systems (ICACCS)}, 
  title={Border Surveillance System using Computer Vision}, 
  year={2020},
  volume={},
  number={},
  pages={623-628},
  keywords={Surveillance;Cameras;Receivers;Image color analysis;Transmitters;Streaming media;Surveillance system;Raspberry-pi;OpenCV;Object and face detection;Arduino;Alert signal},
  doi={10.1109/ICACCS48705.2020.9074171}
}
@ARTICLE{28,
  author={Park, Jinyoung and Moon, Hoseok},
  journal={IEEE Access}, 
  title={Lightweight Mask RCNN for Warship Detection and Segmentation}, 
  year={2022},
  volume={10},
  number={},
  pages={24936-24944},
  keywords={Computational modeling;Feature extraction;Convolution;Missiles;Marine vehicles;Training;Deep learning;Warship detection and segmentation;lightweight deep learning;Mask RCNN;MobileNet},
  doi={10.1109/ACCESS.2022.3149297}
}
@INPROCEEDINGS{29,
  author={Abdul, Muhammad Syukor and Sam, Suriani Mohd and Mohamed, Norliza and Hassan, Noor Hafizah and Azizan, Azizul and Yusof, Yusnaidi Md},
  booktitle={2022 13th International Conference on Information and Communication Technology Convergence (ICTC)}, 
  title={Peer to Peer Communication for the Internet of Things Using ESP32 Microcontroller for Indoor Environments}, 
  year={2022},
  volume={},
  number={},
  pages={1-6},
  keywords={Wireless communication;Wireless sensor networks;Visualization;Protocols;Microcontrollers;Smart homes;Peer-to-peer computing;Internet of Things (IoT);ESP 32;ESP-NOW;indoor;Visual Studio Code;PlatformIO},
  doi={10.1109/ICTC55196.2022.9952832}
}
@INPROCEEDINGS{30,
  author={Babiuch, Marek and Foltýnek, Petr and Smutný, Pavel},
  booktitle={2019 20th International Carpathian Control Conference (ICCC)}, 
  title={Using the ESP32 Microcontroller for Data Processing}, 
  year={2019},
  volume={},
  number={},
  pages={1-6},
  keywords={Microcontrollers;Microprogramming;Monitoring;Python;Embedded systems;Wireless fidelity;ESP32;IoT;microcontroller;measurement;display;development boards;environment},
  doi={10.1109/CarpathianCC.2019.8765944}
}
@INPROCEEDINGS{31,
  author={Chandana, S.},
  booktitle={2011 Annual IEEE India Conference}, 
  title={Real time video surveillance system using motion detection}, 
  year={2011},
  volume={},
  number={},
  pages={1-6},
  keywords={Correlation;Motion detection;Cameras;Graphical user interfaces;Streaming media;Surveillance;MATLAB;Motion;Detection;System;Surveillance;Moving object detection and security},
  doi={10.1109/INDCON.2011.6139506}
}
@INPROCEEDINGS{32,
  author={Arjun, D and Indukala, P K and Menon, K A Unnikrishna},
  booktitle={2020 Fourth International Conference on Inventive Systems and Control (ICISC)}, 
  title={Development of a Framework for Effective Surveillance and Human Intrusion Detection in Border regions covered with Dry leaves}, 
  year={2020},
  volume={},
  number={},
  pages={106-109},
  keywords={Wireless communication;Wireless sensor networks;Visualization;Surveillance;System performance;Force;Sensor systems;Border surveillance;Microphone sensor;Camera sensor;Multi-sensor system;Intruder detection},
  doi={10.1109/ICISC47916.2020.9171198}
}
@INPROCEEDINGS{33,
  author={Mahamuni, Chaitanya Vijaykumar and Jalauddin, Zuber Mohammed},
  booktitle={2021 International Conference on Control, Automation, Power and Signal Processing (CAPS)}, 
  title={Intrusion Monitoring in Military Surveillance Applications using Wireless Sensor Networks (WSNs) with Deep Learning for Multiple Object Detection and Tracking}, 
  year={2021},
  volume={},
  number={},
  pages={1-6},
  keywords={Deep learning;Wireless communication;Wireless sensor networks;Video tracking;Surveillance;Neural networks;Object detection;Wireless Sensor Networks;WSN;Military;Surveillance;Deep Learning;Convolutional Neural Network;CNN;multi-object tracking;etc},
  doi={10.1109/CAPS52117.2021.9730647}
}
@INPROCEEDINGS{34,
  author={Liu, Yang and Xiao, Yewei},
  booktitle={2022 41st Chinese Control Conference (CCC)}, 
  title={Remote Sensing Warship Detection Method Based on Improved Mask R-CNN}, 
  year={2022},
  volume={},
  number={},
  pages={7100-7105},
  keywords={Convolution;Imaging;Feature extraction;Proposals;Detection algorithms;Remote sensing;Standards;warship;Mask R-CNN;multi-angle rotation factor;depth-separation deformable convolution},
  doi={10.23919/CCC55666.2022.9901763}
}
@INPROCEEDINGS{35,
  author={Sun, Yi and Wang, Wenna and Zhang, Qianyu and Ni, Han and Zhang, Xiuwei},
  booktitle={2022 7th International Conference on Image, Vision and Computing (ICIVC)}, 
  title={Improved YOLOv5 with Transformer for Large Scene Military Vehicle Detection on SAR Image}, 
  year={2022},
  volume={},
  number={},
  pages={87-93},
  keywords={Training;Costs;Object detection;Military vehicles;Transformers;Radar polarimetry;Land vehicles;large scene object detection;SAR image;global context information;Transformer;military vehicle},
  doi={10.1109/ICIVC55077.2022.9887095}
}
@article{36,
author = {Hercog, Darko and Lerher, Tone and Truntic, Mitja and Težak, Oto},
year = {2023},
month = {07},
pages = {6739},
title = {Design and Implementation of ESP32-Based IoT Devices},
volume = {23},
journal = {Sensors},
doi = {10.3390/s23156739}
}








